@article{atac,
author = "Buenrostro JD and Giresi PG and Zaba LC and Chang HY and Greenleaf WJ",
title = "Transposition of native chromatin for multimodal regulatory analysis and personal epigenomics",
journal = "Nature methods",
volume = 10,
number = 12,
pages = "1213--1218",
year = 2013,
DOI = "10.1038/nmeth.2688"
}

@Misc{igv,
title = "Integrative Genomics Viewer",
howpublished = {\url{http://software.broadinstitute.org/software/igv/home}}}

@article{gro,
author = "Jose Garcia-Martinez and Augustin Aranda and Jose E Perez-Ortin",
title = "Genomic Run-On Evaluates Transcription Rates for All Yeast Genes and Identifies Gene Regulatory Mechanisms ",
journal = "Molecular Cell ",
volume = 15,
number = 2,
pages = "303 - 313",
year = 2004,
issn = "1097-2765",
doi = "https://doi.org/10.1016/j.molcel.2004.06.004",
url = "http://www.sciencedirect.com/science/article/pii/S1097276504003375"
}

@article{dnase,
author = "Wang Y-M and Zhou P and Wang L-Y and Li Z-H and Zhang Y-N and Zhang Y-X",
title = "Correlation Between DNase I Hypersensitive Site Distribution and Gene Expression in HeLa S3 Cells",
journal = "PLoS ONE",
volume = "7",
number = "8",
year = "2012",
DOI = "10.1371/journal.pone.0042414"
}

@Article{macs,
author="Zhang, Yong
and Liu, Tao
and Meyer, Clifford A.
and Eeckhoute, J{\'e}r{\^o}me
and Johnson, David S.
and Bernstein, Bradley E.
and Nusbaum, Chad
and Myers, Richard M.
and Brown, Myles
and Li, Wei
and Liu, X. Shirley",
title="Model-based Analysis of ChIP-Seq (MACS)",
journal="Genome Biology",
year=2008,
month="Sep",
day=17,
volume=9,
number=9,
pages="R137",
issn="1474-760X",
doi="10.1186/gb-2008-9-9-r137",
url="https://doi.org/10.1186/gb-2008-9-9-r137"
}